<record><leader>00000cas a2200000 a 4500</leader><controlfield tag="001">26271539</controlfield><controlfield tag="008">920728d19271995scudn ne      0   a0eng d</controlfield><datafield ind1=" " ind2=" " tag="010"><subfield code="a">sn 93067719 </subfield></datafield><datafield ind1=" " ind2=" " tag="040"><subfield code="a">SGR</subfield><subfield code="b">eng</subfield><subfield code="c">SGR</subfield><subfield code="d">SVN</subfield><subfield code="d">NLG</subfield><subfield code="d">DLC</subfield><subfield code="d">OCL</subfield><subfield code="d">OCLCQ</subfield><subfield code="d">OCLCF</subfield><subfield code="d">OCLCO</subfield></datafield><datafield ind1=" " ind2=" " tag="042"><subfield code="a">msc</subfield></datafield><datafield ind1="0" ind2=" " tag="092"><subfield code="a">071.5727</subfield><subfield code="2">20</subfield></datafield><datafield ind1="0" ind2="4" tag="245"><subfield code="a">The Greenville piedmont.</subfield></datafield><datafield ind1=" " ind2=" " tag="260"><subfield code="a">Greenville, S.C.,</subfield><subfield code="b">R.B. Chandler</subfield></datafield><datafield ind1=" " ind2=" " tag="310"><subfield code="a">Daily (except Sat. and Sun.),</subfield><subfield code="b">Oct. 1, 1973 -</subfield></datafield><datafield ind1=" " ind2=" " tag="321"><subfield code="a">Daily (except Sun.),</subfield><subfield code="b">Mar. 12, 1927 - Sept. 29, 1973</subfield></datafield><datafield ind1="0" ind2=" " tag="362"><subfield code="a">Vol. 92, no. 52 (Mar. 12, 1927) - Sept. 29, 1995.</subfield></datafield><datafield ind1=" " ind2=" " tag="500"><subfield code="a">Combines with the Greenville News for Saturday and Sunday issues.</subfield></datafield><datafield ind1=" " ind2="0" tag="651"><subfield code="a">Greenville County (S.C.)</subfield><subfield code="v">Newspapers.</subfield></datafield><datafield ind1=" " ind2="7" tag="655"><subfield code="a">Newspapers.</subfield><subfield code="2">fast</subfield><subfield code="0">(OCoLC)fst01423814</subfield></datafield><datafield ind1=" " ind2="7" tag="651"><subfield code="a">South Carolina</subfield><subfield code="z">Greenville County.</subfield><subfield code="2">fast</subfield><subfield code="0">(OCoLC)fst01209838</subfield></datafield><datafield ind1=" " ind2=" " tag="752"><subfield code="a">United States</subfield><subfield code="b">South Carolina</subfield><subfield code="c">Greenville</subfield><subfield code="d">Greenville.</subfield></datafield><datafield ind1="0" ind2="0" tag="780"><subfield code="t">Piedmont (Greenville, S.C.)</subfield><subfield code="w">(DLC)sn 86063768</subfield></datafield></record>